@incollection{NIPS2012_4824,
title = {ImageNet Classification with Deep Convolutional Neural Networks},
author = {Alex Krizhevsky and Sutskever, Ilya and Geoffrey E. Hinton},
booktitle = {Advances in Neural Information Processing Systems 25},
editor = {F. Pereira and C.J.C. Burges and L. Bottou and K.Q. Weinberger},
pages = {1097--1105},
year = {2012},
publisher = {Curran Associates, Inc.},
url = {http://papers.nips.cc/paper/4824-imagenet-classification-with-deep-convolutional-neural-networks.pdf}
}

@misc{ wiki:xxx,
  author = "Wikipedia",
  title = "Tesseract --- Wikipedia{,} The Free Encyclopedia",
  year = "2015",
  url = "http://en.wikipedia.org/w/index.php?title=Tesseract&oldid=660751295",
  note = "[Online; accessed 4-May-2015]"
}

@article{Sussillo2009544,
title = "Generating Coherent Patterns of Activity from Chaotic Neural Networks ",
journal = "Neuron ",
volume = "63",
number = "4",
pages = "544 - 557",
year = "2009",
note = "",
issn = "0896-6273",
doi = "http://dx.doi.org/10.1016/j.neuron.2009.07.018",
url = "http://www.sciencedirect.com/science/article/pii/S0896627309005479",
author = "David Sussillo and L.F. Abbott",
keywords = "\{SYSNEURO\} "
}

@article{SussilloBarak2014253,
title = "Opening the Black Box: Low-Dimensional Dynamics in High-Dimensional Recurrent Neural Networks ",
journal = "Neural Computation ",
volume = "25",
number = "3",
pages = "626 - 649",
year = "2014",
note = "",
issn = "0899-7667",
doi = "http://dx.doi.org/10.1162/NECO_a_00409",
author = "David Sussillo and Omri Barak",
keywords = "\{SYSNEURO\} "
}

@article{Hornik1991251,
title = "Approximation capabilities of multilayer feedforward networks ",
journal = "Neural Networks ",
volume = "4",
number = "2",
pages = "251 - 257",
year = "1991",
note = "",
issn = "0893-6080",
doi = "http://dx.doi.org/10.1016/0893-6080(91)90009-T",
url = "http://www.sciencedirect.com/science/article/pii/089360809190009T",
author = "Kurt Hornik",
keywords = "Multilayer feedforward networks",
keywords = "Activation function",
keywords = "Universal approximation capabilities",
keywords = "Input environment measure",
keywords = "Lp(Î¼) approximation",
keywords = "Uniform approximation",
keywords = "Sobolev spaces",
keywords = "Smooth approximation "
}

@article {ictdbid:2777,
	title = {Visualizing High-Dimensional Data Using t-SNE},
	journal = {Journal of Machine Learning Research},
	volume = {9},
	year = {2008},
	pages = {2579-2605},
	attachments = {http://prlab.tudelft.nl/sites/default/files/vandermaaten08a.pdf},
	author = {Laurens van der Maaten and Geoffrey E. Hinton}
}

@article{DBLP:journals/corr/GravesWD14,
  author    = {Alex Graves and
               Greg Wayne and
               Ivo Danihelka},
  title     = {Neural Turing Machines},
  journal   = {CoRR},
  volume    = {abs/1410.5401},
  year      = {2014},
  url       = {http://arxiv.org/abs/1410.5401},
  timestamp = {Sun, 02 Nov 2014 11:25:59 +0100},
  biburl    = {http://dblp.uni-trier.de/rec/bib/journals/corr/GravesWD14},
  bibsource = {dblp computer science bibliography, http://dblp.org}
}

@article{DBLP:journals/corr/HannunCCCDEPSSCN14,
  author    = {Awni Y. Hannun and
               Carl Case and
               Jared Casper and
               Bryan C. Catanzaro and
               Greg Diamos and
               Erich Elsen and
               Ryan Prenger and
               Sanjeev Satheesh and
               Shubho Sengupta and
               Adam Coates and
               Andrew Y. Ng},
  title     = {Deep Speech: Scaling up end-to-end speech recognition},
  journal   = {CoRR},
  volume    = {abs/1412.5567},
  year      = {2014},
  url       = {http://arxiv.org/abs/1412.5567},
  timestamp = {Thu, 01 Jan 2015 19:51:08 +0100},
  biburl    = {http://dblp.uni-trier.de/rec/bib/journals/corr/HannunCCCDEPSSCN14},
  bibsource = {dblp computer science bibliography, http://dblp.org}
}
